@article{ZHONG2023110470,
title = {An improved differential evolution algorithm based on basis vector type and its application in fringe projection 3D imaging},
journal = {Knowledge-Based Systems},
volume = {268},
pages = {110470},
year = {2023},
issn = {0950-7051},
doi = {https://doi.org/10.1016/j.knosys.2023.110470},
author = {Xuxu Zhong and Peng Cheng and Zhisheng You}
}
@article{FARAMARZI2020105190,
title = {Equilibrium optimizer: A novel optimization algorithm},
journal = {Knowledge-Based Systems},
volume = {191},
pages = {105190},
year = {2020},
issn = {0950-7051},
doi = {https://doi.org/10.1016/j.knosys.2019.105190},
url = {https://www.sciencedirect.com/science/article/pii/S0950705119305295},
author = {Afshin Faramarzi and Mohammad Heidarinejad and Brent Stephens and Seyedali Mirjalili}
}
@online{WinNT,
  author = {Calvin McGowan},
  title = {Genetic Algorithms: Tournament Selection},
  year = 2017,
  url = {https://medium.com/@c4lv1nmcg0wan/genetic-algorithms-tournament-selection-b150bc76f0d8},
  urldate = {2017-05-09}
}